@INCOLLECTION{Jansen2013,
  AUTHOR = {Jannsen, Jan Martin},
  PUBLISHER = {Springer},
  BOOKTITLE = {P.Achten and P. Koopman (Eds.): Plasmeijer Festschrift},
  DATE = {2013},
  PAGES = {168--180},
  TITLE = {{Programming in the $\lambda$-Calculus: From Church to Scott and Back}},
}

@ARTICLE{ClK,
  AUTHOR = {Broda, Sabine and Damas, Luis},
  DATE = {1997-09},
  JOURNALTITLE = {The Journal Of Symbolic Logic},
  NOTE = {(See also: Bracket abstraction in the combinator system Cl(K) online)},
  TITLE = {Compact Bracket abstraction in the combinator logic},
}

@INPROCEEDINGS{Patterns,
  AUTHOR = {Jansen, Jan Martin and Koopman, Pieter and Plasmeijer, Rinus},
  BOOKTITLE = {Trends in Functional Programming},
  DATE = {2006-01},
  PAGES = {73--90},
  TITLE = {Efficient Interpretation by Transforming Data Types and Patterns to Functions},
}

@BOOK{Smullyan,
  AUTHOR = {Smullyan, Raymond},
  PUBLISHER = {Alfred A. Knopf},
  DATE = {1985},
  KEYWORDS = {book.math},
  TITLE = {To Mock a Mockingbird},
}

@BOOK{Bimbo,
  AUTHOR = {Bimbò, Katalin},
  PUBLISHER = {Routledge},
  DATE = {2012},
  TITLE = {Combinatory Logic},
}

@BOOK{Barend,
  AUTHOR = {Barendregt, Henk},
  PUBLISHER = {Elsevier Science},
  DATE = {1884},
  NOTE = {Subtitle: Its Syntax and Semantics},
  TITLE = {The Lambda Calculus},
}

@INPROCEEDINGS{ParComb,
  AUTHOR = {Milner, R.},
  EDITOR = {Denvir, B. T. and Harwood, W. T. and Jackson, M. I. and Wray, M. J.},
  LOCATION = {Berlin, Heidelberg},
  PUBLISHER = {Springer Berlin Heidelberg},
  BOOKTITLE = {The Analysis of Concurrent Systems},
  DATE = {1985},
  ISBN = {978-3-540-39731-1},
  PAGES = {121--127},
  TITLE = {Parallel combinator reduction machine},
}

@INPROCEEDINGS{Arch,
  AUTHOR = {Accetti, Cecil and Liu, Peilin},
  BOOKTITLE = {2022 IFIP/IEEE 30th International Conference On Very Large Scale Integration (VLSI-SoC)},
  DATE = {2022},
  DOI = {10.1109/VLSI-SoC54400.2022.9939644},
  KEYWORDS = {Performance evaluation;Microarchitecture;Instruction sets;Computer architecture;Writing;Very large scale integration;Multitasking;Instruction-set architecture;functional programming;SoC design},
  PAGES = {1--2},
  TITLE = {Architectural Support for Functional Programming},
}

@ARTICLE{Graph,
  AUTHOR = {Accetti, Cecil and Ying, Rendong and Liu, Peilin},
  DATE = {2022},
  DOI = {10.1109/LCA.2022.3198844},
  JOURNALTITLE = {IEEE Computer Architecture Letters},
  KEYWORDS = {Pattern matching;Calculus;Benchmark testing;Semantics;Resource management;Registers;Microprocessors;Applicative (functional) programming;instruction set design;compilers},
  NUMBER = {2},
  PAGES = {73--76},
  TITLE = {Structured Combinators for Efficient Graph Reduction},
  VOLUME = {21},
}

@ARTICLE{Reduceron2010,
  AUTHOR = {Naylor, Matthew and Runciman, Colin},
  LOCATION = {New York, NY, USA},
  PUBLISHER = {Association for Computing Machinery},
  URL = {https://doi.org/10.1145/1932681.1863556},
  DATE = {2010-09},
  DOI = {10.1145/1932681.1863556},
  ISSN = {0362-1340},
  JOURNALTITLE = {SIGPLAN Not.},
  KEYWORDS = {graph reduction,reconfigurable hardware},
  NUMBER = {9},
  PAGES = {75--86},
  TITLE = {The reduceron reconfigured},
  VOLUME = {45},
}

@INPROCEEDINGS{Reduceron2008,
  AUTHOR = {Naylor, Matthew and Runciman, Colin},
  EDITOR = {Chitil, Olaf and Horváth, Zoltán and Zsók, Viktória},
  LOCATION = {Berlin, Heidelberg},
  PUBLISHER = {Springer Berlin Heidelberg},
  BOOKTITLE = {Implementation and Application of Functional Languages},
  DATE = {2008},
  ISBN = {978-3-540-85373-2},
  PAGES = {129--146},
  TITLE = {The Reduceron: Widening the von Neumann Bottleneck for Graph Reduction Using an FPGA},
}

@ARTICLE{Hindley,
  AUTHOR = {Hindley, R.},
  PUBLISHER = {American Mathematical Society},
  URL = {http://www.jstor.org/stable/1995158},
  DATE = {1969},
  ISSN = {00029947},
  JOURNALTITLE = {Transactions of the American Mathematical Society},
  PAGES = {29--60},
  TITLE = {The Principal Type-Scheme of an Object in Combinatory Logic},
  URLDATE = {2024-10-20},
  VOLUME = {146},
}

@ARTICLE{Milner,
  AUTHOR = {Milner, Robin},
  DATE = {1978},
  DOI = {https://doi.org/10.1016/0022-0000(78)90014-4},
  ISSN = {0022-0000},
  JOURNALTITLE = {Journal of Computer and System Sciences},
  NUMBER = {3},
  PAGES = {348--375},
  TITLE = {A theory of type polymorphism in \\ programming},
  VOLUME = {17},
}

@INPROCEEDINGS{SKIM,
  AUTHOR = {Clarke, Thomas J. W. and Gladstone, P. and MacLean, C. and Norman, Arthur C.},
  URL = {https://api.semanticscholar.org/CorpusID:10189254},
  BOOKTITLE = {LISP Conference},
  DATE = {1980},
  TITLE = {SKIM - The S, K, I reduction machine},
}

@INPROCEEDINGS{GMachine,
  AUTHOR = {Kieburtz, Richard B.},
  EDITOR = {Jouannaud, Jean-Pierre},
  LOCATION = {Berlin, Heidelberg},
  PUBLISHER = {Springer Berlin Heidelberg},
  BOOKTITLE = {Functional Programming Languages and Computer Architecture},
  DATE = {1985},
  ISBN = {978-3-540-39677-2},
  PAGES = {400--413},
  TITLE = {The G-machine: A fast, graph-reduction evaluator},
}
